$McInnes et al, 2018
@misc{https://doi.org/10.48550/arxiv.1802.03426,
  doi = {10.48550/ARXIV.1802.03426},
  
  url = {https://arxiv.org/abs/1802.03426},
  
  author = {McInnes, Leland and Healy, John and Melville, James},
  
  keywords = {Machine Learning (stat.ML), Computational Geometry (cs.CG), Machine Learning (cs.LG), FOS: Computer and information sciences, FOS: Computer and information sciences},
  
  title = {UMAP: Uniform Manifold Approximation and Projection for Dimension Reduction},
  
  publisher = {arXiv},
  
  year = {2018},
  
  copyright = {arXiv.org perpetual, non-exclusive license}
}