$base
@Manual{R-base,
  title = {R: A Language and Environment for Statistical Computing},
  author = {{R Core Team}},
  organization = {R Foundation for Statistical Computing},
  address = {Vienna, Austria},
  year = {2022},
  url = {https://www.R-project.org/},
}


$biomaRt
@Manual{R-biomaRt,
  title = {biomaRt: Interface to BioMart databases (i.e. Ensembl)},
  author = {Steffen Durinck and Wolfgang Huber},
  year = {2022},
  note = {R package version 2.50.3},
}


$gridExtra
@Manual{R-gridExtra,
  title = {gridExtra: Miscellaneous Functions for "Grid" Graphics},
  author = {Baptiste Auguie},
  year = {2017},
  note = {R package version 2.3},
  url = {https://CRAN.R-project.org/package=gridExtra},
}


$gtools
@Manual{R-gtools,
  title = {gtools: Various R Programming Tools},
  author = {Gregory R. Warnes and Ben Bolker and Thomas Lumley},
  year = {2022},
  note = {R package version 3.9.2.1},
  url = {https://github.com/r-gregmisc/gtools},
}


$knitr
@Manual{R-knitr,
  title = {knitr: A General-Purpose Package for Dynamic Report Generation in R},
  author = {Yihui Xie},
  year = {2022},
  note = {R package version 1.39},
  url = {https://yihui.org/knitr/},
}


$limma
@Manual{R-limma,
  title = {limma: Linear Models for Microarray Data},
  author = {Gordon Smyth and Yifang Hu and Matthew Ritchie and Jeremy Silver and James Wettenhall and Davis McCarthy and Di Wu and Wei Shi and Belinda Phipson and Aaron Lun and Natalie Thorne and Alicia Oshlack and Carolyn {de Graaf} and Yunshun Chen and Mette Langaas and Egil Ferkingstad and Marcus Davy and Francois Pepin and Dongseok Choi},
  year = {2022},
  note = {R package version 3.50.3},
  url = {http://bioinf.wehi.edu.au/limma},
}


$SeuratObject
@Manual{R-SeuratObject,
  title = {SeuratObject: Data Structures for Single Cell Data},
  author = {Rahul Satija and Andrew Butler and Paul Hoffman and Tim Stuart},
  year = {2022},
  note = {R package version 4.1.0},
  url = {https://CRAN.R-project.org/package=SeuratObject},
}


$sp
@Manual{R-sp,
  title = {sp: Classes and Methods for Spatial Data},
  author = {Edzer Pebesma and Roger Bivand},
  year = {2021},
  note = {R package version 1.4-5},
  url = {https://CRAN.R-project.org/package=sp},
}


$biomaRt2009
@Article{biomaRt2009,
  title = {Mapping identifiers for the integration of genomic datasets with the R/Bioconductor package biomaRt},
  author = {Steffen Durinck and Paul T. Spellman and Ewan Birney and Wolfgang Huber},
  journal = {Nature Protocols},
  year = {2009},
  volume = {4},
  pages = {1184--1191},
}


$biomaRt2005
@Article{biomaRt2005,
  title = {BioMart and Bioconductor: a powerful link between biological databases and microarray data analysis},
  author = {Steffen Durinck and Yves Moreau and Arek Kasprzyk and Sean Davis and Bart {De Moor} and Alvis Brazma and Wolfgang Huber},
  journal = {Bioinformatics},
  year = {2005},
  volume = {21},
  pages = {3439--3440},
}


$knitr2015
@Book{knitr2015,
  title = {Dynamic Documents with {R} and knitr},
  author = {Yihui Xie},
  publisher = {Chapman and Hall/CRC},
  address = {Boca Raton, Florida},
  year = {2015},
  edition = {2nd},
  note = {ISBN 978-1498716963},
  url = {https://yihui.org/knitr/},
}


$knitr2014
@InCollection{knitr2014,
  booktitle = {Implementing Reproducible Computational Research},
  editor = {Victoria Stodden and Friedrich Leisch and Roger D. Peng},
  title = {knitr: A Comprehensive Tool for Reproducible Research in {R}},
  author = {Yihui Xie},
  publisher = {Chapman and Hall/CRC},
  year = {2014},
  note = {ISBN 978-1466561595},
  url = {http://www.crcpress.com/product/isbn/9781466561595},
}


$limma2015
@Article{limma2015,
  author = {Matthew E Ritchie and Belinda Phipson and Di Wu and Yifang Hu and Charity W Law and Wei Shi and Gordon K Smyth},
  title = {{limma} powers differential expression analyses for {RNA}-sequencing and microarray studies},
  journal = {Nucleic Acids Research},
  year = {2015},
  volume = {43},
  number = {7},
  pages = {e47},
  doi = {10.1093/nar/gkv007},
}


$sp2005
@Article{sp2005,
  author = {Edzer J. Pebesma and Roger S. Bivand},
  title = {Classes and methods for spatial data in {R}},
  journal = {R News},
  year = {2005},
  volume = {5},
  number = {2},
  pages = {9--13},
  month = {November},
  url = {https://CRAN.R-project.org/doc/Rnews/},
}


$sp2013
@Book{sp2013,
  author = {Roger S. Bivand and Edzer Pebesma and Virgilio Gomez-Rubio},
  title = {Applied spatial data analysis with {R}, Second edition},
  year = {2013},
  publisher = {Springer, NY},
  url = {https://asdar-book.org/},
}

$cinaR
@Manual{cinaR,
    title = {cinaR: A Computational Pipeline for Bulk 'ATAC-Seq' Profiles},
    author = {Onur Karakaslar and Duygu Ucar},
    year = {2022},
    note = {R package version 0.2.3},
    url = {https://CRAN.R-project.org/package=cinaR},
  }
  
$cluster
@Manual{cluster,
    title = {cluster: Cluster Analysis Basics and Extensions},
    author = {Martin Maechler and Peter Rousseeuw and Anja Struyf and Mia Hubert and Kurt Hornik},
    year = {2021},
    url = {https://CRAN.R-project.org/package=cluster},
    note = {R package version 2.1.2 --- For new features, see the 'Changelog' file (in the package source)},
  }

$edgeR
@Article{edgeR,
  author = {Yunshun Chen and Aaron A T Lun and Gordon K Smyth},
  title = {From reads to genes to pathways: differential expression analysis of RNA-Seq experiments using Rsubread and the edgeR quasi-likelihood pipeline},
  year = {2016},
  journal = {F1000Research},
  volume = {5},
  pages = {1438},
  doi = {10.12688/f1000research.8987.2},
}

$enrichplot
@Manual{enrichplot,
  title = {enrichplot: Visualization of Functional Enrichment Result},
  author = {Guangchuang Yu},
  year = {2022},
  note = {R package version 1.14.2},
  url = {https://yulab-smu.top/biomedical-knowledge-mining-book/},
}

$FactoMineR
@Article{FactoMineR,
  title = {{FactoMineR}: A Package for Multivariate Analysis},
  author = {S\'ebastien L\^e and Julie Josse and Fran\c{c}ois Husson},
  journal = {Journal of Statistical Software},
  year = {2008},
  volume = {25},
  number = {1},
  pages = {1--18},
  doi = {10.18637/jss.v025.i01},
}

$fgsea
@Article{fgsea,
  author = {Gennady Korotkevich and Vladimir Sukhov and Alexey Sergushichev},
  title = {Fast gene set enrichment analysis},
  year = {2019},
  doi = {10.1101/060012},
  publisher = {Cold Spring Harbor Labs Journals},
  url = {http://biorxiv.org/content/early/2016/06/20/060012},
  journal = {bioRxiv},
}

$ggplot2
@Book{ggplot2,
  author = {Hadley Wickham},
  title = {ggplot2: Elegant Graphics for Data Analysis},
  publisher = {Springer-Verlag New York},
  year = {2016},
  isbn = {978-3-319-24277-4},
  url = {https://ggplot2.tidyverse.org},
}

$ggpubr
@Manual{ggpubr,
  title = {ggpubr: 'ggplot2' Based Publication Ready Plots},
  author = {Alboukadel Kassambara},
  year = {2020},
  note = {R package version 0.4.0},
  url = {https://CRAN.R-project.org/package=ggpubr},
}

$grid
@Manual{grid,
  title = {R: A Language and Environment for Statistical Computing},
  author = {{R Core Team}},
  organization = {R Foundation for Statistical Computing},
  address = {Vienna, Austria},
  year = {2022},
  url = {https://www.R-project.org/},
}

$gridExtra
@Manual{gridExtra,
  title = {gridExtra: Miscellaneous Functions for "Grid" Graphics},
  author = {Baptiste Auguie},
  year = {2017},
  note = {R package version 2.3},
  url = {https://CRAN.R-project.org/package=gridExtra},
}

$gtools
@Manual{gtools,
  title = {gtools: Various R Programming Tools},
  author = {Gregory R. Warnes and Ben Bolker and Thomas Lumley},
  year = {2022},
  note = {R package version 3.9.2.1},
  url = {https://CRAN.R-project.org/package=gtools},
}

$knitr
@Manual{knitr,
  title = {knitr: A General-Purpose Package for Dynamic Report Generation in R},
  author = {Yihui Xie},
  year = {2022},
  note = {R package version 1.39},
  url = {https://yihui.org/knitr/},
}

$limma
@Article{limma,
  author = {Matthew E Ritchie and Belinda Phipson and Di Wu and Yifang Hu and Charity W Law and Wei Shi and Gordon K Smyth},
  title = {{limma} powers differential expression analyses for {RNA}-sequencing and microarray studies},
  journal = {Nucleic Acids Research},
  year = {2015},
  volume = {43},
  number = {7},
  pages = {e47},
  doi = {10.1093/nar/gkv007},
}

$misgdbr
@Manual{msigdbr,
  title = {msigdbr: MSigDB Gene Sets for Multiple Organisms in a Tidy Data Format},
  author = {Igor Dolgalev},
  year = {2022},
  note = {R package version 7.5.1},
  url = {https://CRAN.R-project.org/package=msigdbr},
}

$parallel
@Manual{parallel,
  title = {R: A Language and Environment for Statistical Computing},
  author = {{R Core Team}},
  organization = {R Foundation for Statistical Computing},
  address = {Vienna, Austria},
  year = {2022},
  url = {https://www.R-project.org/},
}

$pheatmap
@Manual{pheatmap,
  title = {pheatmap: Pretty Heatmaps},
  author = {Raivo Kolde},
  year = {2019},
  note = {R package version 1.0.12},
  url = {https://CRAN.R-project.org/package=pheatmap},
}

$RColorBrewer
@Manual{RColorBrewer,
  title = {RColorBrewer: ColorBrewer Palettes},
  author = {Erich Neuwirth},
  year = {2022},
  note = {R package version 1.1-3},
  url = {https://CRAN.R-project.org/package=RColorBrewer},
}

$scales
@Manual{scales,
  title = {scales: Scale Functions for Visualization},
  author = {Hadley Wickham and Dana Seidel},
  year = {2022},
  note = {R package version 1.2.0},
  url = {https://CRAN.R-project.org/package=scales},
}

$uwot
@Manual{uwot,
  title = {uwot: The Uniform Manifold Approximation and Projection (UMAP) Method
for Dimensionality Reduction},
  author = {James Melville},
  year = {2021},
  note = {R package version 0.1.11},
  url = {https://CRAN.R-project.org/package=uwot},
}

$tidyverse
@Article{tidyverse,
  title = {Welcome to the {tidyverse}},
  author = {Hadley Wickham and Mara Averick and Jennifer Bryan and Winston Chang and Lucy D'Agostino McGowan and Romain Fran√ßois and Garrett Grolemund and Alex Hayes and Lionel Henry and Jim Hester and Max Kuhn and Thomas Lin Pedersen and Evan Miller and Stephan Milton Bache and Kirill M√ºller and Jeroen Ooms and David Robinson and Dana Paige Seidel and Vitalie Spinu and Kohske Takahashi and Davis Vaughan and Claus Wilke and Kara Woo and Hiroaki Yutani},
  year = {2019},
  journal = {Journal of Open Source Software},
  volume = {4},
  number = {43},
  pages = {1686},
  doi = {10.21105/joss.01686},
}

$bayesbio
@Manual{bayesbio,
  title = {bayesbio: Miscellaneous Functions for Bioinformatics and Bayesian
Statistics},
  author = {Andrew McKenzie},
  year = {2016},
  note = {R package version 1.0.0},
  url = {https://CRAN.R-project.org/package=bayesbio},
}


$babyplots
 @Manual{babyplots,
    title = {babyplots: Easy, fast, interactive 3D visualizations for data exploration
and presentation.},
    author = {Nils Trost},
    year = {2022},
    note = {R package version 1.5.1},
  }
  
$gplots
Manual{gplots,
  title = {gplots: Various R Programming Tools for Plotting Data},
  author = {Gregory R. Warnes and Ben Bolker and Lodewijk Bonebakker and Robert Gentleman and Wolfgang Huber and Andy Liaw and Thomas Lumley and Martin Maechler and Arni Magnusson and Steffen Moeller and Marc Schwartz and Bill Venables},
  year = {2022},
  note = {R package version 3.1.3},
  URL = {https://CRAN.R-project.org/package=gplots},
}

$ComplexHeatmap
@Article{complexheatmap,
  title = {Complex heatmaps reveal patterns and correlations in multidimensional genomic data},
  author = {Zuguang Gu and Roland Eils and Matthias Schlesner},
  journal = {Bioinformatics},
  year = {2016},
}

$EnhancedVolcano
@Manual{enhancedvolcano,
  title = {EnhancedVolcano: Publication-ready volcano plots with enhanced colouring and
labeling},
  author = {Kevin Blighe and Sharmila Rana and Myles Lewis},
  year = {2021},
  note = {R package version 1.12.0},
  url = {https://github.com/kevinblighe/EnhancedVolcano},
}

$BiocParallel
@Manual{biocparallel,
  title = {BiocParallel: Bioconductor facilities for parallel evaluation},
  author = {Martin Morgan and Jiefei Wang and Valerie Obenchain and Michel Lang and Ryan Thompson and Nitesh Turaga},
  year = {2021},
  note = {R package version 1.28.3},
  url = {https://github.com/Bioconductor/BiocParallel},
}

$gplots
@Manual{gplots,
  title = {gplots: Various R Programming Tools for Plotting Data},
  author = {Gregory R. Warnes and Ben Bolker and Lodewijk Bonebakker and Robert Gentleman and Wolfgang Huber and Andy Liaw and Thomas Lumley and Martin Maechler and Arni Magnusson and Steffen Moeller and Marc Schwartz and Bill Venables},
  year = {2022},
  note = {R package version 3.1.3},
  url = {https://CRAN.R-project.org/package=gplots},
}