@Manual{R-base,
  title = {R: A Language and Environment for Statistical Computing},
  author = {{R Core Team}},
  organization = {R Foundation for Statistical Computing},
  address = {Vienna, Austria},
  year = {2022},
  url = {https://www.R-project.org/},
}

@Manual{R-biomaRt,
  title = {biomaRt: Interface to BioMart databases (i.e. Ensembl)},
  author = {Steffen Durinck and Wolfgang Huber},
  year = {2022},
  note = {R package version 2.50.3},
}

@Manual{R-gridExtra,
  title = {gridExtra: Miscellaneous Functions for "Grid" Graphics},
  author = {Baptiste Auguie},
  year = {2017},
  note = {R package version 2.3},
  url = {https://CRAN.R-project.org/package=gridExtra},
}

@Manual{R-gtools,
  title = {gtools: Various R Programming Tools},
  author = {Gregory R. Warnes and Ben Bolker and Thomas Lumley},
  year = {2022},
  note = {R package version 3.9.2.1},
  url = {https://github.com/r-gregmisc/gtools},
}

@Manual{R-knitr,
  title = {knitr: A General-Purpose Package for Dynamic Report Generation in R},
  author = {Yihui Xie},
  year = {2022},
  note = {R package version 1.39},
  url = {https://yihui.org/knitr/},
}

@Manual{R-limma,
  title = {limma: Linear Models for Microarray Data},
  author = {Gordon Smyth and Yifang Hu and Matthew Ritchie and Jeremy Silver and James Wettenhall and Davis McCarthy and Di Wu and Wei Shi and Belinda Phipson and Aaron Lun and Natalie Thorne and Alicia Oshlack and Carolyn {de Graaf} and Yunshun Chen and Mette Langaas and Egil Ferkingstad and Marcus Davy and Francois Pepin and Dongseok Choi},
  year = {2022},
  note = {R package version 3.50.3},
  url = {http://bioinf.wehi.edu.au/limma},
}

@Manual{R-SeuratObject,
  title = {SeuratObject: Data Structures for Single Cell Data},
  author = {Rahul Satija and Andrew Butler and Paul Hoffman and Tim Stuart},
  year = {2022},
  note = {R package version 4.1.0},
  url = {https://CRAN.R-project.org/package=SeuratObject},
}

@Manual{R-sp,
  title = {sp: Classes and Methods for Spatial Data},
  author = {Edzer Pebesma and Roger Bivand},
  year = {2021},
  note = {R package version 1.4-5},
  url = {https://CRAN.R-project.org/package=sp},
}

@Article{biomaRt2009,
  title = {Mapping identifiers for the integration of genomic datasets with the R/Bioconductor package biomaRt},
  author = {Steffen Durinck and Paul T. Spellman and Ewan Birney and Wolfgang Huber},
  journal = {Nature Protocols},
  year = {2009},
  volume = {4},
  pages = {1184--1191},
}

@Article{biomaRt2005,
  title = {BioMart and Bioconductor: a powerful link between biological databases and microarray data analysis},
  author = {Steffen Durinck and Yves Moreau and Arek Kasprzyk and Sean Davis and Bart {De Moor} and Alvis Brazma and Wolfgang Huber},
  journal = {Bioinformatics},
  year = {2005},
  volume = {21},
  pages = {3439--3440},
}

@Book{knitr2015,
  title = {Dynamic Documents with {R} and knitr},
  author = {Yihui Xie},
  publisher = {Chapman and Hall/CRC},
  address = {Boca Raton, Florida},
  year = {2015},
  edition = {2nd},
  note = {ISBN 978-1498716963},
  url = {https://yihui.org/knitr/},
}

@InCollection{knitr2014,
  booktitle = {Implementing Reproducible Computational Research},
  editor = {Victoria Stodden and Friedrich Leisch and Roger D. Peng},
  title = {knitr: A Comprehensive Tool for Reproducible Research in {R}},
  author = {Yihui Xie},
  publisher = {Chapman and Hall/CRC},
  year = {2014},
  note = {ISBN 978-1466561595},
  url = {http://www.crcpress.com/product/isbn/9781466561595},
}

@Article{limma2015,
  author = {Matthew E Ritchie and Belinda Phipson and Di Wu and Yifang Hu and Charity W Law and Wei Shi and Gordon K Smyth},
  title = {{limma} powers differential expression analyses for {RNA}-sequencing and microarray studies},
  journal = {Nucleic Acids Research},
  year = {2015},
  volume = {43},
  number = {7},
  pages = {e47},
  doi = {10.1093/nar/gkv007},
}

@Article{sp2005,
  author = {Edzer J. Pebesma and Roger S. Bivand},
  title = {Classes and methods for spatial data in {R}},
  journal = {R News},
  year = {2005},
  volume = {5},
  number = {2},
  pages = {9--13},
  month = {November},
  url = {https://CRAN.R-project.org/doc/Rnews/},
}

@Book{sp2013,
  author = {Roger S. Bivand and Edzer Pebesma and Virgilio Gomez-Rubio},
  title = {Applied spatial data analysis with {R}, Second edition},
  year = {2013},
  publisher = {Springer, NY},
  url = {https://asdar-book.org/},
}

